@string{usenix-security = "Proceedings of the USENIX Security Symposium (USENIX)"}
@string{acm-ccs         = "Proceedings of the ACM Conference on Computer and Communications Security (CCS)"}
@string{www             = "Proceedings of the International World Wide Web Conference (WWW)"}
@string{dsn             = "Proceedings of the Conference on Dependable Systems and Networks (DSN)"}
@string{raid-old        = "Proceedings of the Symposium on Recent Advances in Intrusion Detection (RAID)"}

@inproceedings{small08predator,
    author = {S. Small and J. Mason and F. Monrose and N. Provos and A. Stubblefield},
    title = {{To Catch a Predator: A Natural Language Approach for
                  Eliciting Malicious Payloads}},
    booktitle = usenix-security,
    year = 2008
}

@inproceedings{provos08iframes,
    author = {N. Provos and P. Mavrommatis and M. Rajab and F. Monrose},
    title = {{All Your iFRAMEs Point to Us}},
    booktitle = usenix-security,
    year = 2008
}

@InProceedings{balzarotti07mimosa,
  title={{Multi-module Vulnerability Analysis of Web-based Applications}},
  author={Balzarotti, D. and Cova, M. and Felmetsger, V. and Vigna, G.},
  booktitle=acm-ccs,
  year={2007}
}

@inproceedings{kals06secubat,
    author = {S. Kals and E. Kirda and C. Kruegel and N. Jovanovic},
    title = {{SecuBat: A Web Vulnerability Scanner}},
    booktitle = www,
    year = 2006
}

@inproceedings{vieira09,
    author = {M. Vieira and N. Antunes and H. Madeira},
    title = {{Using Web Security Scanners to Detect Vulnerabilities in Web Services}},
    booktitle = dsn,
    year = 2009
}

@inproceedings{mcallister08,
    author = {S. McAllister and C. Kruegel and E. Kirda},
    title = {{Leveraging User Interactions for In-Depth Testing of Web Applications}},
    booktitle = raid-old,
    year = 2008
}


@inproceedings{grossman04,
    author = {J. Grossman},
    title = {{Challenges of Automated Web Application Scanning}},
    booktitle = {BlackHat Windows Security Conference},
    year = 2004
}




@article{ curphey06,
author = {Mark Curphey and Rudolph Araujo},
title = {{Web Application Security Assessment Tools}},
journal ={IEEE Security and Privacy},
volume = {4},
number = {4},
issn = {1540-7993},
year = {2006},
pages = {32-41},
publisher = {IEEE Computer Society},
address = {Los Alamitos, CA, USA},
}





@TechReport{wiegenstein06,
  author = 	 {A. Wiegenstein and F. Weidemann and M. Schumacher and S. Schinzel},
  title = 	 {{Web Application Vulnerability Scanners---a Benchmark}},
  institution = {Virtual Forge GmbH},
  month = 	 {October},
  year = 	 2006}

@TechReport{peine06,
  author = 	 {Holger Peine},
  title = 	 {{Security Test Tools for Web Applications}},
  institution =  {Fraunhofer IESE},
  year = 	 2006,
  number = 	 {048.06},
  month = 	 {January}}



@Unpublished{anantasec09,
  author = 	 {AnantaSec},
  title = 	 {{Web Vulnerability Scanners Evaluation}},
  note = 	 {\url{http://anantasec.blogspot.com/2009/01/web-vulnerability-scanners-comparison.html}},
  month = 	 {January},
  year = 	 2009}


@Unpublished{suto07,
  author = 	 {Larry Suto},
  title = 	 {{Analyzing the Effectiveness and Coverage of Web Application Security Scanners}},
  note = 	 {Case Study},
  month = 	 {October},
  year = 	 2007}


@Misc{suto10webscanners,
    author = {Larry Suto},
    title = {{Analyzing the Accuracy and Time Costs of Web Application Security Scanners}},
    month = {Feburary},
    year = 2010
}




@misc{cve,
  author = {{CVE}},
  title = {{Common Vulnerabilities and Exposures}},
  howpublished = {\url{http://www.cve.mitre.org}}
}
@misc{datalossdb,
    author = {{Open Security Foundation}},
    title = {{OSF DataLossDB: Data Loss News, Statistics, and Research}},
    howpublished = "\url{http://datalossdb.org/}"
}
@Misc{pci,
  key = 	 {PCI},
  author = {{PCI Security Standards Council}},
  title = 	 {{PCI DDS Requirements and Security Assessment Procedures, v1.2}},
  month = 	 {October},
  year = 	 2008}
@Misc{owasptopten,
  key = 	 {OWASP},
  author = {{Open Web Application Security Project (OWASP)}},
  title = 	 {{OWASP Top Ten Project}},
  howpublished = "\url{http://www.owasp.org/index.php/Top_10}",
  year = 	 2010
}

@Misc{rsnake:xss_cheat_sheet,
  key = 	 {cheatsheet},
  author = 	 {RSnake},
  title = 	 {{XSS (Cross Site Scripting) Cheat Sheet}},
  howpublished = {\url{http://ha.ckers.org/xss.html}}}

@Misc{rsnake:sql_cheat_sheet,
  key = 	 {cheatsheet},
  author = 	 {RSnake},
  title = 	 {SQL Injection Cheat Sheet},
  howpublished = {\url{http://ha.ckers.org/sqlinjection/}}}

@Misc{owasp-webgoat,
  key = 	 {owasp},
  author = {{Open Web Application Security Project (OWASP)}},
  title = 	 {{OWASP WebGoat Project}},
  howpublished = {http://www.owasp.org/index.php/Category:OWASP\_WebGoat\_Project}}

@Misc{hacme_bank,
  key = 	 {foundstone},
  author = {{Foundstone}},
  title = 	 {{Hacme Bank v2.0}},
  howpublished = {\url{http://www.foundstone.com/us/resources/proddesc/hacmebank.htm}},
  month = 	 {May},
  year = 	 2006}


@Misc{owasp_sitegenerator,
  key = 	 {owasp},
  author = {{Open Web Application Security Project (OWASP)}},
  title = 	 {{OWASP SiteGenerator}},
  howpublished = {\url{http://www.owasp.org/index.php/OWASP\_SiteGenerator}}}

@Misc{openid,
  key = 	 {openID},
  author = {{OpenID Foundation}},
  title = 	 {{OpenID}},
  howpublished = {\url{http://openid.net/}}}

@misc{wivet,
    author = {{Open Web Application Security Project (OWASP)}},
    title = {{Web Input Vector Extractor Teaser}},
    howpublished = "\url{http://code.google.com/p/wivet/}"
}
